[gd_scene load_steps=10 format=2]

[ext_resource path="res://src/Actors/Ship.tscn" type="PackedScene" id=1]
[ext_resource path="res://assets/TargetFlag.png" type="Texture" id=2]
[ext_resource path="res://src/Maps/Map.gd" type="Script" id=3]
[ext_resource path="res://assets/Background1.png" type="Texture" id=4]
[ext_resource path="res://assets/BlackBackground.png" type="Texture" id=5]
[ext_resource path="res://src/Objects/OtherShip.tscn" type="PackedScene" id=6]
[ext_resource path="res://assets/speys.ogg" type="AudioStream" id=7]
[ext_resource path="res://src/UserInterface/UserInterface.tscn" type="PackedScene" id=8]

[sub_resource type="RectangleShape2D" id=1]
extents = Vector2( 611.808, 18.2282 )

[node name="Map" type="Node"]
script = ExtResource( 3 )
ShipScene = ExtResource( 1 )
OtherShipScene = ExtResource( 6 )

[node name="MapFrame" type="StaticBody2D" parent="."]
__meta__ = {
"_edit_lock_": true
}

[node name="CollisionShape2D" type="CollisionShape2D" parent="MapFrame"]
position = Vector2( 501.174, -39.5222 )
shape = SubResource( 1 )
__meta__ = {
"_edit_lock_": true
}

[node name="CollisionShape2D2" type="CollisionShape2D" parent="MapFrame"]
position = Vector2( 490.243, 639.081 )
shape = SubResource( 1 )
__meta__ = {
"_edit_lock_": true
}

[node name="CollisionShape2D3" type="CollisionShape2D" parent="MapFrame"]
position = Vector2( -37.8403, 288.427 )
rotation = 1.57079
shape = SubResource( 1 )
__meta__ = {
"_edit_lock_": true
}

[node name="CollisionShape2D4" type="CollisionShape2D" parent="MapFrame"]
position = Vector2( 1064.57, 338.881 )
rotation = 1.57079
shape = SubResource( 1 )
__meta__ = {
"_edit_lock_": true
}

[node name="UserInterface2" type="CanvasLayer" parent="."]
layer = 100

[node name="UserInterface" parent="UserInterface2" instance=ExtResource( 8 )]

[node name="BlackBackground" type="Sprite" parent="."]
position = Vector2( 500, 300 )
scale = Vector2( 3, 3 )
texture = ExtResource( 5 )
__meta__ = {
"_edit_lock_": true
}

[node name="Background" type="Sprite" parent="."]
position = Vector2( 546.639, 361.433 )
scale = Vector2( 0.3, 0.3 )
texture = ExtResource( 4 )
__meta__ = {
"_edit_lock_": true
}

[node name="AstralBodies" type="Node" parent="."]

[node name="TargetFlag" type="Sprite" parent="."]
rotation = 0.383972
scale = Vector2( 0.03, 0.03 )
texture = ExtResource( 2 )
region_rect = Rect2( 0, 0, 20, 20 )
__meta__ = {
"_edit_lock_": true
}

[node name="OtherShips" type="Node" parent="."]

[node name="PlayerShip" type="Node" parent="."]

[node name="FlightRecorderTimer" type="Timer" parent="."]
wait_time = 0.1

[node name="AudioStreamPlayer" type="AudioStreamPlayer" parent="."]
stream = ExtResource( 7 )
autoplay = true
[connection signal="timeout" from="FlightRecorderTimer" to="." method="_on_FlightRecorderTimer_timeout"]
