[gd_scene load_steps=7 format=2]

[ext_resource path="res://src/Maps/Map.tscn" type="PackedScene" id=1]
[ext_resource path="res://src/Objects/Planet3.tscn" type="PackedScene" id=2]
[ext_resource path="res://src/Objects/Planet4.tscn" type="PackedScene" id=3]
[ext_resource path="res://src/Objects/Planet5.tscn" type="PackedScene" id=4]
[ext_resource path="res://src/Objects/Planet1.tscn" type="PackedScene" id=5]
[ext_resource path="res://src/Objects/Sun.tscn" type="PackedScene" id=6]

[node name="Map6" instance=ExtResource( 1 )]

[node name="Planet1" parent="AstralBodies" index="0" groups=[
"target",
] instance=ExtResource( 5 )]
position = Vector2( 440.504, 229.38 )

[node name="Planet" parent="AstralBodies" index="1" groups=[
"target",
] instance=ExtResource( 2 )]
position = Vector2( 185.726, 415.106 )

[node name="Planet2" parent="AstralBodies" index="2" groups=[
"start",
] instance=ExtResource( 3 )]
position = Vector2( 877.04, 183.345 )

[node name="Planet3" parent="AstralBodies" index="3" groups=[
"start",
] instance=ExtResource( 4 )]
modulate = Color( 0.72549, 0.596078, 0.596078, 1 )
position = Vector2( 194.457, 126.198 )

[node name="Planet4" parent="AstralBodies" index="4" groups=[
"target",
] instance=ExtResource( 5 )]
modulate = Color( 1, 0.458824, 0.776471, 1 )
position = Vector2( 939.742, 507.175 )
rotation = -1.309

[node name="Planet5" parent="AstralBodies" index="5" groups=[
"target",
] instance=ExtResource( 2 )]
modulate = Color( 0.996078, 0.647059, 1, 1 )
position = Vector2( 644.485, 140.485 )
rotation = 0.261799

[node name="Planet6" parent="AstralBodies" index="6" groups=[
"start",
] instance=ExtResource( 3 )]
modulate = Color( 0.160784, 1, 0.666667, 1 )
position = Vector2( 442.092, 484.158 )
rotation = 2.61799

[node name="Planet7" parent="AstralBodies" index="7" groups=[
"start",
] instance=ExtResource( 4 )]
modulate = Color( 0.384314, 0.607843, 1, 1 )
position = Vector2( 697.663, 377.802 )
rotation = 2.87979

[node name="Sun" parent="AstralBodies" index="8" instance=ExtResource( 6 )]
position = Vector2( -158.74, 323.83 )
rotation = -1.57079
